@inproceedings{moon2021graded,
	title={Graded modal dependent type theory},
	author={Moon, Benjamin and Eades III, Harley and Orchard, Dominic},
	booktitle={European Symposium on Programming},
	pages={462--490},
	year={2021},
	organization={Springer International Publishing Cham}
}

@article{orchard2019quantitative,
	title={Quantitative program reasoning with graded modal types},
	author={Orchard, Dominic and Liepelt, Vilem-Benjamin and Eades III, Harley},
	journal={Proceedings of the ACM on Programming Languages},
	volume={3},
	number={ICFP},
	pages={1--30},
	year={2019},
	publisher={ACM New York, NY, USA}
}

@incollection{smith2007principles,
	title={Principles of secure information flow analysis},
	author={Smith, Geoffrey},
	booktitle={Malware Detection},
	pages={291--307},
	year={2007},
	publisher={Springer}
}

@misc{reeddistance,
	title={Distance makes the types grow stronger: A calculus for differential privacy (extended version)},
	author={Reed, Jason and Gaboardi, M and Pierce, BC},
	publisher={Citeseer}
}

@article{sabelfeld2003language,
	title={Language-based information-flow security},
	author={Sabelfeld, Andrei and Myers, Andrew C},
	journal={IEEE Journal on selected areas in communications},
	volume={21},
	number={1},
	pages={5--19},
	year={2003},
	publisher={IEEE}
}

@inproceedings{brunel2014core,
	title={A core quantitative coeffect calculus},
	author={Brunel, Alo{\"\i}s and Gaboardi, Marco and Mazza, Damiano and Zdancewic, Steve},
	booktitle={European Symposium on Programming Languages and Systems},
	pages={351--370},
	year={2014},
	organization={Springer}
}

@article{gaboardi2016combining,
	title={Combining effects and coeffects via grading},
	author={Gaboardi, Marco and Katsumata, Shin-ya and Orchard, Dominic and Breuvart, Flavien and Uustalu, Tarmo},
	journal={ACM SIGPLAN Notices},
	volume={51},
	number={9},
	pages={476--489},
	year={2016},
	publisher={ACM New York, NY, USA}
}

@article{denning1976lattice,
	title={A lattice model of secure information flow},
	author={Denning, Dorothy E},
	journal={Communications of the ACM},
	volume={19},
	number={5},
	pages={236--243},
	year={1976},
	publisher={ACM New York, NY, USA}
}

@article{volpano1996sound,
	title={A sound type system for secure flow analysis},
	author={Volpano, Dennis and Irvine, Cynthia and Smith, Geoffrey},
	journal={Journal of computer security},
	volume={4},
	number={2-3},
	pages={167--187},
	year={1996},
	publisher={SAGE Publications Sage UK: London, England}
}

@inproceedings{myers1999jflow,
	title={JFlow: Practical mostly-static information flow control},
	author={Myers, Andrew C},
	booktitle={Proceedings of the 26th ACM SIGPLAN-SIGACT symposium on Principles of programming languages},
	pages={228--241},
	year={1999}
}

@article{pullicino2014jif,
	title={Jif: Language-based information-flow security in java},
	author={Pullicino, Kyle},
	journal={arXiv preprint arXiv:1412.8639},
	year={2014}
}

@inproceedings{simonet2003flow,
	title={Flow Caml in a nutshell},
	author={Simonet, Vincent and Rocquencourt, Inria},
	booktitle={Proceedings of the first APPSEM-II workshop},
	pages={152--165},
	year={2003}
}

@article{marshall2023graded,
	title={Graded Modal Types for Integrity and Confidentiality},
	author={Marshall, Danielle and Orchard, Dominic},
	journal={arXiv preprint arXiv:2309.04324},
	year={2023}
}

@inproceedings{stefan2011flexible,
	title={Flexible dynamic information flow control in Haskell},
	author={Stefan, Deian and Russo, Alejandro and Mitchell, John C and Mazi{\`e}res, David},
	booktitle={Proceedings of the 4th ACM Symposium on Haskell},
	pages={95--106},
	year={2011}
}

@inproceedings{moura2021lean,
	title={The lean 4 theorem prover and programming language},
	author={Moura, Leonardo de and Ullrich, Sebastian},
	booktitle={International Conference on Automated Deduction},
	pages={625--635},
	year={2021},
	organization={Springer}
}

@article{du2025survey,
    title={A Survey of Language-Based Information Flow Control},
    author={Du, Lucas and Huang, Zhuoli and Tian, Qianqian},
    year={2025}
}

@article{lamba2024cocoon,
    title={Cocoon: Static information flow control in rust},
    author={Lamba, Ada and Taylor, Max and Beardsley, Vincent and Bambeck, Jacob and Bond, Michael D and Lin, Zhiqiang},
    journal={Proceedings of the ACM on Programming Languages},
    volume={8},
    number={OOPSLA1},
    pages={166--193},
    year={2024},
    publisher={ACM New York, NY, USA}
}

@inproceedings{gregersen2019dependently,
    title={A dependently typed library for static information-flow control in idris},
    author={Gregersen, Simon and Thomsen, S{\o}ren Eller and Askarov, Aslan},
    booktitle={International Conference on Principles of Security and Trust},
    pages={51--75},
    year={2019},
    organization={Springer}
}

@article{leijen2014koka,
    title={Koka: Programming with row polymorphic effect types},
    author={Leijen, Daan},
    journal={arXiv preprint arXiv:1406.2061},
    year={2014}
}

@article{leijen2016algebraic,
    title={Algebraic effects for functional programming},
    author={Leijen, Daan},
    journal={Technical Report. MSR-TR-2016--29. Microsoft Research technical report, Tech. Rep.},
    year={2016}
}